@article{Miratrix2020,
    author    = "L. Miratrix and M. Weiss and B. Henderson",
    title     = "An Applied Researcher's Guide to Estimating Effects From Multisite Individually Randomized Trials: Estimands, Estimators, and Estimates",
    journal   = "Journal of Research on Educational Effectiveness",
    year      = "2020"
}